% This file was created with JabRef 2.10.
% Encoding: Cp1252


@Article{1998,
  Title                    = {{IEEE Recommended Practice for 
Software Requirements 
Specifications}},
  Journal                  = {IEEE Std. 830-1998},

  Owner                    = {Santiago},
  Timestamp                = {2015.04.30}
}

